<?xml version="1.0" encoding="UTF-8" standalone="no"?><searchRetrieveResponse xmlns="http://www.loc.gov/zing/srw/">
  <version>1.2</version>
  <numberOfRecords>1</numberOfRecords>
  <records>
    <record>
      <recordSchema>marcxml</recordSchema>
      <recordPacking>xml</recordPacking>
      <recordData>
        <record xmlns="http://www.loc.gov/MARC21/slim">
          <leader>03917cas  2200889 a 4500</leader>
          <controlfield tag="005">20241127113448.0</controlfield>
          <controlfield tag="008">741224c19599999nyuqr1p       0   a0eng^^</controlfield>
          <datafield ind1=" " ind2=" " tag="010">
            <subfield code="a">61019573 //r892</subfield>
          </datafield>
          <datafield ind1="0" ind2=" " tag="022">
            <subfield code="a">0022-1481</subfield>
          </datafield>
          <datafield ind1=" " ind2=" " tag="030">
            <subfield code="a">JHTRAO</subfield>
          </datafield>
          <datafield ind1=" " ind2=" " tag="032">
            <subfield code="a">280380</subfield>
            <subfield code="b">USPS</subfield>
          </datafield>
          <datafield ind1=" " ind2=" " tag="035">
            <subfield code="a">(MCM)000293592</subfield>
          </datafield>
          <datafield ind1=" " ind2=" " tag="035">
            <subfield code="a">(MCM)000293592MIT01</subfield>
          </datafield>
          <datafield ind1=" " ind2=" " tag="035">
            <subfield code="a">(OCoLC)01782922</subfield>
          </datafield>
          <datafield ind1=" " ind2=" " tag="035">
            <subfield code="a">(OCoLC)01713702</subfield>
          </datafield>
          <datafield ind1=" " ind2=" " tag="035">
            <subfield code="a">(OCoLC)09764105</subfield>
          </datafield>
          <datafield ind1=" " ind2=" " tag="035">
            <subfield code="a">(VERA)3557</subfield>
          </datafield>
          <datafield ind1=" " ind2=" " tag="037">
            <subfield code="b">ASME, United Engineering Center, 345 E. 47th St., New York, NY 10017</subfield>
          </datafield>
          <datafield ind1=" " ind2=" " tag="040">
            <subfield code="a">DLC</subfield>
            <subfield code="c">DLC</subfield>
            <subfield code="d">NSD</subfield>
            <subfield code="d">DLC</subfield>
            <subfield code="d">NSD</subfield>
            <subfield code="d">SER</subfield>
            <subfield code="d">OCL</subfield>
            <subfield code="d">AIP</subfield>
            <subfield code="d">OCL</subfield>
            <subfield code="d">NSD</subfield>
            <subfield code="d">OCL</subfield>
            <subfield code="d">NST</subfield>
            <subfield code="d">DLC</subfield>
            <subfield code="d">MYG</subfield>
          </datafield>
          <datafield ind1=" " ind2=" " tag="042">
            <subfield code="a">lc</subfield>
            <subfield code="a">nsdp</subfield>
          </datafield>
          <datafield ind1=" " ind2=" " tag="049">
            <subfield code="a">MYGG</subfield>
          </datafield>
          <datafield ind1="0" ind2="0" tag="050">
            <subfield code="a">TA1</subfield>
            <subfield code="b">.J64</subfield>
          </datafield>
          <datafield ind1="0" ind2=" " tag="210">
            <subfield code="a">J. heat transfer</subfield>
          </datafield>
          <datafield ind1=" " ind2="0" tag="222">
            <subfield code="a">Journal of heat transfer</subfield>
          </datafield>
          <datafield ind1="0" ind2="0" tag="245">
            <subfield code="a">Journal of heat transfer.</subfield>
          </datafield>
          <datafield ind1=" " ind2=" " tag="260">
            <subfield code="a">New York, N.Y. :</subfield>
            <subfield code="b">American Society of Mechanical Engineers,</subfield>
            <subfield code="c">c1959-</subfield>
          </datafield>
          <datafield ind1=" " ind2=" " tag="300">
            <subfield code="a">v. :</subfield>
            <subfield code="b">ill. ;</subfield>
            <subfield code="c">29 cm.</subfield>
          </datafield>
          <datafield ind1=" " ind2=" " tag="310">
            <subfield code="a">Quarterly</subfield>
          </datafield>
          <datafield ind1=" " ind2=" " tag="336">
            <subfield code="a">text</subfield>
            <subfield code="b">txt</subfield>
            <subfield code="2">rdacontent</subfield>
          </datafield>
          <datafield ind1=" " ind2=" " tag="337">
            <subfield code="a">unmediated</subfield>
            <subfield code="b">n</subfield>
            <subfield code="2">rdamedia</subfield>
          </datafield>
          <datafield ind1=" " ind2=" " tag="338">
            <subfield code="a">volume</subfield>
            <subfield code="b">nc</subfield>
            <subfield code="2">rdacarrier</subfield>
          </datafield>
          <datafield ind1="0" ind2=" " tag="362">
            <subfield code="a">Vol. 81, no. 1 (Feb. 1959)-</subfield>
          </datafield>
          <datafield ind1="1" ind2=" " tag="490">
            <subfield code="a">Transactions of the ASME ;</subfield>
            <subfield code="v">ser. C</subfield>
          </datafield>
          <datafield ind1=" " ind2=" " tag="500">
            <subfield code="a">Title from cover.</subfield>
          </datafield>
          <datafield ind1="1" ind2=" " tag="510">
            <subfield code="a">Applied science &amp; technology index</subfield>
            <subfield code="x">0003-6986</subfield>
          </datafield>
          <datafield ind1="2" ind2=" " tag="510">
            <subfield code="a">Engineering index monthly (1984)</subfield>
            <subfield code="x">0742-1974</subfield>
          </datafield>
          <datafield ind1="2" ind2=" " tag="510">
            <subfield code="a">Engineering index bioengineering abstracts</subfield>
            <subfield code="x">0736-6213</subfield>
          </datafield>
          <datafield ind1="2" ind2=" " tag="510">
            <subfield code="a">Engineering index energy abstracts</subfield>
            <subfield code="x">0093-8408</subfield>
          </datafield>
          <datafield ind1="2" ind2=" " tag="510">
            <subfield code="a">Energy information abstracts</subfield>
            <subfield code="x">0147-6521</subfield>
          </datafield>
          <datafield ind1="2" ind2=" " tag="510">
            <subfield code="a">Environment abstracts</subfield>
            <subfield code="x">0093-3287</subfield>
          </datafield>
          <datafield ind1="2" ind2=" " tag="510">
            <subfield code="a">FLUIDEX</subfield>
            <subfield code="b">1978-</subfield>
          </datafield>
          <datafield ind1="2" ind2=" " tag="510">
            <subfield code="a">Abstract bulletin of the Institute of Paper Chemistry</subfield>
            <subfield code="x">0020-3033</subfield>
          </datafield>
          <datafield ind1="2" ind2=" " tag="510">
            <subfield code="a">Computer &amp; control abstracts</subfield>
            <subfield code="x">0036-8113</subfield>
            <subfield code="b">1968-</subfield>
          </datafield>
          <datafield ind1="2" ind2=" " tag="510">
            <subfield code="a">Electrical &amp; electronics abstracts</subfield>
            <subfield code="x">0036-8105</subfield>
            <subfield code="b">1968-</subfield>
          </datafield>
          <datafield ind1="2" ind2=" " tag="510">
            <subfield code="a">Physics abstracts. Science abstracts. Series A</subfield>
            <subfield code="x">0036-8091</subfield>
            <subfield code="b">1968-</subfield>
          </datafield>
          <datafield ind1="2" ind2=" " tag="510">
            <subfield code="a">Chemical abstracts</subfield>
            <subfield code="x">0009-2258</subfield>
          </datafield>
          <datafield ind1="2" ind2=" " tag="510">
            <subfield code="a">SPIN</subfield>
            <subfield code="b">1977-</subfield>
          </datafield>
          <datafield ind1="2" ind2=" " tag="510">
            <subfield code="a">Coal abstracts</subfield>
            <subfield code="x">0309-4979</subfield>
          </datafield>
          <datafield ind1="2" ind2=" " tag="510">
            <subfield code="a">Energy research abstracts</subfield>
            <subfield code="x">0160-3604</subfield>
          </datafield>
          <datafield ind1="0" ind2=" " tag="510">
            <subfield code="a">International aerospace abstracts</subfield>
            <subfield code="x">0020-5842</subfield>
          </datafield>
          <datafield ind1="0" ind2=" " tag="510">
            <subfield code="a">Nuclear science abstracts</subfield>
            <subfield code="x">0029-5612</subfield>
          </datafield>
          <datafield ind1="0" ind2=" " tag="510">
            <subfield code="a">Indexes to publications - American Society of Mechanical Engineers</subfield>
            <subfield code="x">0569-8227</subfield>
          </datafield>
          <datafield ind1=" " ind2=" " tag="515">
            <subfield code="a">Vols. for 1978-   lack series numeration.</subfield>
          </datafield>
          <datafield ind1=" " ind2=" " tag="530">
            <subfield code="a">Beginning 2000, full-text articles also available via the World Wide Web by subscription, in HTML, PDF, and PostScript formats. Tables of contents for 1996-1999 also available in HTML.</subfield>
          </datafield>
          <datafield ind1=" " ind2=" " tag="580">
            <subfield code="a">Also included in: American Society of Mechanical Engineers. Transactions of the American Society of Mechanical Engineers, 1959-&lt;1967&gt;</subfield>
          </datafield>
          <datafield ind1=" " ind2="0" tag="650">
            <subfield code="a">Heat</subfield>
            <subfield code="x">Transmission</subfield>
            <subfield code="v">Periodicals.</subfield>
          </datafield>
          <datafield ind1=" " ind2="7" tag="650">
            <subfield code="a">Heat</subfield>
            <subfield code="x">Transmission.</subfield>
            <subfield code="2">fast</subfield>
          </datafield>
          <datafield ind1=" " ind2="7" tag="655">
            <subfield code="a">Periodicals.</subfield>
            <subfield code="2">lcgft</subfield>
          </datafield>
          <datafield ind1=" " ind2="7" tag="655">
            <subfield code="a">Periodicals.</subfield>
            <subfield code="2">fast</subfield>
          </datafield>
          <datafield ind1="0" ind2="1" tag="780">
            <subfield code="t">Transactions of the ASME</subfield>
            <subfield code="w">(OCoLC)19731523</subfield>
            <subfield code="w">(DLC)sc 89034060</subfield>
          </datafield>
          <datafield ind1="1" ind2=" " tag="787">
            <subfield code="a">American Society of Mechanical Engineers.</subfield>
            <subfield code="t">Transactions of the American Society of Mechanical Engineers</subfield>
            <subfield code="w">(DLC) 02002053</subfield>
            <subfield code="w">(OCoLC)1480830</subfield>
          </datafield>
          <datafield ind1=" " ind2=" " tag="793">
            <subfield code="a">Journal of heat transfer [fiche]</subfield>
            <subfield code="g">E36211 960018634</subfield>
          </datafield>
          <datafield ind1="2" ind2=" " tag="710">
            <subfield code="a">American Society of Mechanical Engineers.</subfield>
          </datafield>
          <datafield ind1=" " ind2="0" tag="830">
            <subfield code="a">Transactions of the ASME (1959) ;</subfield>
            <subfield code="v">ser. C.</subfield>
          </datafield>
          <datafield ind1=" " ind2=" " tag="910">
            <subfield code="a">jle001205/1</subfield>
          </datafield>
          <datafield ind1=" " ind2=" " tag="910">
            <subfield code="a">MARCIVEAUT</subfield>
          </datafield>
          <datafield ind1=" " ind2=" " tag="910">
            <subfield code="a">depgy-nooclc210609</subfield>
            <subfield code="d">210609</subfield>
            <subfield code="i">depgy-nooclc</subfield>
          </datafield>
          <datafield ind1=" " ind2=" " tag="910">
            <subfield code="a">MARCIVEAUT221103</subfield>
          </datafield>
          <datafield ind1=" " ind2=" " tag="910">
            <subfield code="a">MARCIVEAUT231208</subfield>
          </datafield>
          <datafield ind1=" " ind2=" " tag="910">
            <subfield code="a">MARCIVEAUT241112</subfield>
          </datafield>
          <datafield ind1=" " ind2=" " tag="936">
            <subfield code="a">Vol. 102, no. 4 (Nov. 1980) LIC</subfield>
          </datafield>
          <datafield ind1=" " ind2=" " tag="946">
            <subfield code="m">unpiggy-tang</subfield>
          </datafield>
          <datafield ind1=" " ind2="0" tag="959">
            <subfield code="b">LSA</subfield>
            <subfield code="c">JRNAL</subfield>
            <subfield code="h">No Call #</subfield>
            <subfield code="o">8</subfield>
            <subfield code="x">57</subfield>
            <subfield code="v">All other volumes - use buttons to right</subfield>
            <subfield code="z">Please check availability at top of page to verify the Annex owns the volume/year you want.</subfield>
            <subfield code="f">ISSUE</subfield>
          </datafield>
          <datafield ind1=" " ind2=" " tag="961">
            <subfield code="a">New York, N.Y. : American Society of Mechanical Engineers,</subfield>
            <subfield code="a">1959</subfield>
            <subfield code="a">nyu</subfield>
          </datafield>
          <datafield ind1=" " ind2=" " tag="969">
            <subfield code="a">TA1</subfield>
            <subfield code="a">JHTRAO</subfield>
            <subfield code="a">01782922</subfield>
            <subfield code="a">01713702</subfield>
            <subfield code="a">09764105</subfield>
            <subfield code="a">61019573 //r892</subfield>
            <subfield code="a">0022-1481</subfield>
          </datafield>
          <datafield ind1=" " ind2=" " tag="994">
            <subfield code="a">02</subfield>
            <subfield code="b">MYG</subfield>
          </datafield>
          <datafield ind1=" " ind2=" " tag="AVA">
            <subfield code="0">990002935920106761</subfield>
            <subfield code="8">22477267920006761</subfield>
            <subfield code="a">01MIT_INST</subfield>
            <subfield code="b">LSA</subfield>
            <subfield code="c">Journal Collection (LSA4)</subfield>
            <subfield code="d">TA.J86.H437</subfield>
            <subfield code="e">available</subfield>
            <subfield code="f">63</subfield>
            <subfield code="g">0</subfield>
            <subfield code="j">LSA4</subfield>
            <subfield code="k">Hfcl</subfield>
            <subfield code="p">1</subfield>
            <subfield code="q">Library Storage Annex</subfield>
            <subfield code="t">v.81 (1959)-v.131:no.1-6 (2009)</subfield>
          </datafield>
          <datafield ind1=" " ind2=" " tag="AVA">
            <subfield code="0">990002935920106761</subfield>
            <subfield code="8">22477267070006761</subfield>
            <subfield code="a">01MIT_INST</subfield>
            <subfield code="b">ENG</subfield>
            <subfield code="c">Staff Retrieval - request required</subfield>
            <subfield code="d">FICHE No Call #</subfield>
            <subfield code="e">check_holdings</subfield>
            <subfield code="j">MFORM</subfield>
            <subfield code="k">8</subfield>
            <subfield code="p">2</subfield>
            <subfield code="q">Barker Library</subfield>
            <subfield code="t">v.92 (1970)-v.95 (1973),v.97 (1975)-v.119 (1997)</subfield>
          </datafield>
        </record>
      </recordData>
      <recordIdentifier>990002935920106761</recordIdentifier>
      <recordPosition>1</recordPosition>
    </record>
  </records>
  <extraResponseData xmlns:xb="http://www.exlibris.com/repository/search/xmlbeans/">
    <xb:exact>true</xb:exact>
    <xb:responseDate>2026-06-05T14:51:17-0400</xb:responseDate>
  </extraResponseData>
</searchRetrieveResponse>